<record><leader>00000cas a22000007a 4500</leader><controlfield tag="001">16856353</controlfield><controlfield tag="008">871015d196519uuwiuwr ne      0    0eng d</controlfield><datafield ind1=" " ind2=" " tag="010"><subfield code="a">sn 87082850 </subfield></datafield><datafield ind1=" " ind2=" " tag="040"><subfield code="a">NPV</subfield><subfield code="b">eng</subfield><subfield code="c">NPV</subfield><subfield code="d">OCLCQ</subfield></datafield><datafield ind1=" " ind2=" " tag="042"><subfield code="a">msc</subfield></datafield><datafield ind1="0" ind2=" " tag="130"><subfield code="a">Regional news (Hayward, Wis.)</subfield></datafield><datafield ind1="1" ind2="4" tag="245"><subfield code="a">The regional news.</subfield></datafield><datafield ind1="3" ind2="0" tag="246"><subfield code="a">Northern lakes area, the regional news</subfield></datafield><datafield ind1=" " ind2=" " tag="260"><subfield code="a">Hayward, Wis. :</subfield><subfield code="b">[C. Masters],</subfield><subfield code="c">1965-</subfield></datafield><datafield ind1=" " ind2=" " tag="300"><subfield code="a">v.</subfield></datafield><datafield ind1=" " ind2=" " tag="310"><subfield code="a">Weekly</subfield></datafield><datafield ind1="0" ind2=" " tag="362"><subfield code="a">Vol. 1, issue 1 (May 19, 1965)-</subfield></datafield><datafield ind1=" " ind2=" " tag="752"><subfield code="a">United States</subfield><subfield code="b">Wisconsin</subfield><subfield code="c">Sawyer</subfield><subfield code="d">Hayward.</subfield></datafield></record>